<?xml version="1.0" encoding="UTF-8"?><record xmlns="http://www.loc.gov/MARC21/slim" xmlns:cinclude="http://apache.org/cocoon/include/1.0" xmlns:zs="http://www.loc.gov/zing/srw/">
  <leader>00364cz  a2200121n  4500</leader>
  <controlfield tag="001">n  97086550 </controlfield>
  <controlfield tag="003">DLC</controlfield>
  <controlfield tag="005">19980213100414.1</controlfield>
  <controlfield tag="008">970828n| acannaab|          |n aaa |||  </controlfield>
  <datafield tag="010" ind1=" " ind2=" ">
    <subfield code="a">n  97086550 </subfield>
    <subfield code="z">n  97865526 </subfield>
  </datafield>
  <datafield tag="040" ind1=" " ind2=" ">
    <subfield code="a">DLC</subfield>
    <subfield code="c">DLC</subfield>
    <subfield code="d">DLC</subfield>
  </datafield>
  <datafield tag="100" ind1="1" ind2="0">
    <subfield code="a">Greskovic, Robert</subfield>
  </datafield>
  <datafield tag="670" ind1=" " ind2=" ">
    <subfield code="a">Ballet 101, 1998:</subfield>
    <subfield code="b">CIP t.p. (Robert Greskovic) galley (dance teacher, writer, and lecturer)</subfield>
  </datafield>
</record>